@online{Shirley2020RTW1,
  title  = {Ray Tracing in One Weekend},
  author = {Peter Shirley},
  year   = {2020},
  month  = {December},
  url    = {https://raytracing.github.io/books/RayTracingInOneWeekend.html}
},
@onlnie{stanfordRayTracingTypes,
  title  = {Types of Ray Tracing},
  author = {Charity Lu and Alex Roetter and Amy Schultz},
  year   = {1997},
  url    = {https://cs.stanford.edu/people/eroberts/courses/soco/projects/1997-98/ray-tracing/types.html}
}
